<?xml version="1.0" encoding="UTF-8"?>
<record xmlns="http://www.loc.gov/MARC21/slim">
   <leader>01623cam a2200337La 4500</leader>
   <controlfield tag="001">2788660</controlfield>
   <controlfield tag="003">NjP</controlfield>
   <controlfield tag="005">20190705144934.0</controlfield>
   <controlfield tag="008">991124s1930    jo            000 0 ara d</controlfield>
   <datafield tag="024" ind1="7" ind2=" ">
      <subfield code="a">princeton_aco004792</subfield>
      <subfield code="2">local</subfield>
   </datafield>
   <datafield ind1=" " ind2=" " tag="035">
      <subfield code="9">CNJ7803TS</subfield>
   </datafield>
   <datafield ind1=" " ind2=" " tag="040">
      <subfield code="a">MH</subfield>
      <subfield code="c">PUL</subfield>
      <subfield code="d">PUL</subfield>
   </datafield>
   <datafield ind1=" " ind2=" " tag="066">
      <subfield code="c">(3</subfield>
   </datafield>
   <datafield ind1=" " ind2=" " tag="035">
      <subfield code="a">(MH)002865131-002008870</subfield>
   </datafield>
   <datafield ind1=" " ind2=" " tag="090">
      <subfield code="a">BP189.7.T5</subfield>
      <subfield code="b">Q377 1930</subfield>
   </datafield>
   <datafield ind1=" " ind2=" " tag="049">
      <subfield code="a">PULL</subfield>
   </datafield>
   <datafield ind1=" " ind2=" " tag="035">
      <subfield code="a">(OCoLC)ocm42887195</subfield>
   </datafield>
   <datafield ind1="1" ind2=" " tag="100">
      <subfield code="6">880-01</subfield>
      <subfield code="a">Qaṭṭān, Ibrāhīm.</subfield>
   </datafield>
   <datafield ind1="1" ind2="0" tag="245">
      <subfield code="6">880-02</subfield>
      <subfield code="a">Makhāzī al-walī al-shayṭānī al-mulaqqab bi-al-Tijānī al- jānī /</subfield>
      <subfield code="c">jamaʻahā wa-ʻallaqa ʻalayhā Ibrāhīm al-Qaṭṭān.</subfield>
   </datafield>
   <datafield ind1=" " ind2=" " tag="260">
      <subfield code="6">880-03</subfield>
      <subfield code="a">ʻAmmān :</subfield>
      <subfield code="b">al-Maṭbaʻah al-Waṭanīyah,</subfield>
      <subfield code="c">[1930?].</subfield>
   </datafield>
   <datafield ind1=" " ind2=" " tag="300">
      <subfield code="a">16 p. ;</subfield>
      <subfield code="c">24 cm.</subfield>
   </datafield>
   <datafield ind1="1" ind2="0" tag="600">
      <subfield code="6">880-04</subfield>
      <subfield code="a">Tijānī, Abū al-ʻAbbās Aḥmad ibn Muḥammad,</subfield>
      <subfield code="d">1737 or 8-1815.</subfield>
      <subfield code="0">http://id.loc.gov/authorities/names/n83043210</subfield>
   </datafield>
   <datafield ind1=" " ind2="0" tag="650">
      <subfield code="a">Tijānīyah.</subfield>
      <subfield code="0">http://id.loc.gov/authorities/subjects/sh86002113</subfield>
   </datafield>
   <datafield ind1=" " ind2="0" tag="650">
      <subfield code="a">Sufism</subfield>
      <subfield code="x">Controversial literature.</subfield>
      <subfield code="0">http://id.loc.gov/authorities/subjects/sh2010112018</subfield>
   </datafield>
   <datafield ind1=" " ind2="0" tag="650">
      <subfield code="a">Sufism.</subfield>
      <subfield code="0">http://id.loc.gov/authorities/subjects/sh85129660</subfield>
   </datafield>
   <datafield ind1="1" ind2=" " tag="880">
      <subfield code="6">100-01/(3/r</subfield>
      <subfield code="a">قطان، ابراهيم.</subfield>
   </datafield>
   <datafield ind1="1" ind2="0" tag="880">
      <subfield code="6">245-02/(3/r</subfield>
      <subfield code="a">مخازي الولي الشيطاني الملقب بالتجاني ال جاني /</subfield>
      <subfield code="c">جمعها وعلق عليها ابراهيم القطان.</subfield>
   </datafield>
   <datafield ind1=" " ind2=" " tag="880">
      <subfield code="6">260-03/(3/r</subfield>
      <subfield code="a">عمان :</subfield>
      <subfield code="b">المطبعة الوطنية،</subfield>
      <subfield code="c">[1930؟].</subfield>
   </datafield>
   <datafield ind1="1" ind2="0" tag="880">
      <subfield code="6">600-04/(3/r</subfield>
      <subfield code="a">تجاني، ابو العباس احمد بن محمد،</subfield>
      <subfield code="d">1737 or 8-1815.</subfield>
   </datafield>
   <datafield ind1=" " ind2=" " tag="994">
      <subfield code="a">C0</subfield>
      <subfield code="b">PUL</subfield>
   </datafield>
   <datafield ind1=" " ind2=" " tag="999">
      <subfield code="a">2788660</subfield>
   </datafield>
   <datafield ind1=" " ind2=" " tag="902">
      <subfield code="a">jab</subfield>
      <subfield code="b">r</subfield>
      <subfield code="6">a</subfield>
      <subfield code="7">m</subfield>
      <subfield code="d">v</subfield>
      <subfield code="f">0</subfield>
      <subfield code="e">20100726</subfield>
   </datafield>
   <datafield ind1=" " ind2=" " tag="979">
      <subfield code="a">(OCoLC)ocn650088594</subfield>
   </datafield>
   <datafield ind1="8" ind2="0" tag="852">
      <subfield code="0">3099627</subfield>
      <subfield code="b">rcppa</subfield>
      <subfield code="t">1</subfield>
      <subfield code="h">2276.9034.868</subfield>
      <subfield code="x">tr fr f</subfield>
   </datafield>
   <datafield ind1=" " ind2=" " tag="959">
      <subfield code="a">2011-03-03 15:52:03 -0500</subfield>
   </datafield>
</record>
